@book{bard2023,
author = {Bard, Allen J. and Faulkner, Larry R. and White, Henry S.},
title = {Electrochemical Methods: Fundamentals and Applications},
edition = {3},
publisher = {John Willey & Sons Ltd},  
year = {2022},
address = {Hoboken, NJ}  
}
